@article{patel2022color,
  author  = {Patel, Ravi and Kumar, Anil},
  title   = {Design and Implementation of a Color-Based Object Sorting Machine Using IoT and Machine Learning},
  journal = {International Journal of Advanced Robotics and Automation},
  volume  = {7},
  number  = {2},
  pages   = {45--60},
  year    = {2022}
}

@article{sharma2021automated,
  author  = {Sharma, Neha and Gupta, Priya},
  title   = {Automated Color-Based Object Sorting System Using Arduino and TCS34725 Sensor},
  journal = {Journal of Embedded Systems and Applications},
  volume  = {12},
  number  = {4},
  pages   = {78--90},
  year    = {2021}
}

@article{verma2023iot,
  author  = {Verma, Rajesh and Singh, Amit},
  title   = {IoT-Enabled Smart Sorting Machines: A Comprehensive Review},
  journal = {Journal of Industrial Automation and Control},
  volume  = {15},
  number  = {3},
  pages   = {201--215},
  year    = {2023}
}

@article{singh2022machine,
  author  = {Singh, Vikram and Yadav, Ritu},
  title   = {Machine Learning Approaches for Color-Based Object Sorting},
  journal = {Journal of Artificial Intelligence and Robotics},
  volume  = {8},
  number  = {1},
  pages   = {34--48},
  year    = {2022}
}

@article{smith2019automation,
  author = {Smith, John},
  title = {Automation in Industrial Object Sorting: Challenges and Opportunities},
  journal = {Journal of Industrial Automation},
  volume = {15},
  pages = {89--105},
  year = {2019}
}

@book{johnson2021sorting,
  author = {Johnson, Emily},
  title = {Advanced Techniques in Automated Sorting Systems},
  year = {2021}
}

@article{patel2022iot,
  author = {Patel, Rahul and Sharma, Anika},
  title = {IoT-Based Color Sorting Systems: Design and Implementation},
  journal = {IEEE Transactions on Industrial Informatics},
  volume = {18},
  number = {4},
  pages = {2456--2465},
  year = {2022}
}

@article{gupta2020sorting,
  author = {Gupta, Priya and Kumar, Vikram},
  title = {Smart Sorting Solutions Using IoT and Sensor Technologies},
  journal = {International Journal of Robotics and Automation},
  volume = {35},
  number = {2},
  pages = {178--192},
  year = {2020}
}

@article{lee2018sensors,
  author = {Lee, Michael and Chen, Wei},
  title = {Color Sensing Technologies for Industrial Applications},
  journal = {Sensors},
  volume = {18},
  number = {9},
  pages = {3012},
  year = {2018}
}

@misc{ref1,
  author = {Research on IoT and Sensor Applications in Object Sorting},
  title = {Research on IoT and Sensor Applications in Object Sorting},
  year = {2023},
  note = {Accessed: 2023-12-15}
}

@misc{iotanalytics2023,
  author = {IoT Analytics},
  title = {State of IoT---Spring 2023},
  year = {2023},
  note = {Published by IoT Analytics, Hamburg, Germany, May 23, 2023}
}